@misc{Desmos:2023,
    title        = {Desmos website},
    author       = {{Desmos Studio PBC}},
    year         = 2023,
    note         = {https://desmos.com  [Accessed: 30/11/2023]}
}
@misc{Wolfram-Alpha:2025,
    title        = {Wolfram Alpha},
    author       = {{Wolfram Research}},
    year         = 2025,
    note         = {https://www.wolframalpha.com/calculators/equation-solver-calculator  [Accessed: 03/01/2025]}
}
@misc{Matlab-Feat:2025,
    title        = {Features of MATLAB},
    author       = {{GeeksforGeeks}},
    year         = 2025,
    note         = {https://www.geeksforgeeks.org/features-of-matlab/  [Accessed: 03/01/2025]}
}

@misc{Matlab:2023,
    title = {Matlab website},
    author = {{MathWorks \textregistered}},
    year = 2023,
    note = {https://uk.mathworks.com/products/matlab.html [Accessed: 30/11/2023] }
}
@book{Nystrom:2021,
    author = {Nystrom, Robert},
    title = {Crafting Interpreters},
    year = {2021},
    isbn = {978-0-9905289-3-9},
    publisher = {Genever Benning},
    address = {Great Brittain},
}
@manual{WPF:2023,
    title = {Windows Presentation Foundation documentation},
    author = {{Microsoft Learn, WPF}},
    organization = {Microsoft},
    address = {},
    year = {2023},
    url = {https://learn.microsoft.com/en-us/dotnet/desktop/wpf/?view=netdesktop-8.0},
}
 
